\documentclass{article} 
\usepackage[english]{babel}
\usepackage[utf8x]{inputenc}
\usepackage[top=1in, bottom=1in, left=1in, right=1in]{geometry}
\usepackage{hyperref}
\usepackage{url}
\usepackage{showkeys}


\begin{document}

@inproceedings{wang2005new,
  title={A new method on decision-making using fuzzy linguistic assessment variables and fuzzy preference relations},
  author={Wang, Tien-Chin and Chen, Yueh-Hsiang},
  booktitle={The 9th World Multi-Conference on Systemics, Cybernetics and Informatics (WMSCI 2005)},
  year={2005}
}

@book{kandasamy2007elementary,
  title={Elementary fuzzy matrix theory and fuzzy models for social scientists},
  author={Kandasamy, WB Vasantha and Smarandache, Florentin and Ilanthenral, K},
  year={2007},
  publisher={Infinite Study}
}

@article{ismail1991fuzzy,
  title={Fuzzy rank of a fuzzy matrix},
  author={Ismail, Hassan N and Morsi, Nehad N},
  journal={Fuzzy sets and systems},
  volume={41},
  number={2},
  pages={243--249},
  year={1991},
  publisher={Elsevier}
}

@article{barzilai1998consistency,
  title={Consistency measures for pairwise comparison matrices},
  author={Barzilai, Jonathan},
  journal={Journal of Multi-Criteria Decision Analysis},
  volume={7},
  number={3},
  pages={123--132},
  year={1998},
  publisher={Wiley Online Library}
}

@article{rushall1985athletes,
  title={Athletes' assessment of the coach--the coach evaluation questionnaire.},
  author={Rushall, BS and Wiznuk, K},
  journal={Canadian journal of applied sport sciences. Journal canadien des sciences appliquees au sport},
  volume={10},
  number={3},
  pages={157--161},
  year={1985}
}

@article{cassidy2006evaluating,
  title={Evaluating and Reflecting Upon a Coach Education Initiative: The CoDe\^{} 1 of Rugby},
  author={Cassidy, Tania and Potrac, Paul and McKenzie, Alex},
  journal={Sport Psychologist},
  volume={20},
  number={2},
  pages={145},
  year={2006},
  publisher={HUMAN KINETICS PUBLISHERS}
}

@article{lucheng2010research,
  title={Research on emerging technology selection and assessment by technology foresight and fuzzy consistent matrix},
  author={Lucheng, Huang and Xin, Li and Wenguang, Lu},
  journal={Foresight},
  volume={12},
  number={2},
  pages={77--89},
  year={2010},
  publisher={Emerald Group Publishing Limited}
}

@article{chan2000evaluation,
  title={Evaluation methodologies for technology selection},
  author={Chan, FTS and Chan, MH and Tang, NKH},
  journal={Journal of Materials Processing Technology},
  volume={107},
  number={1},
  pages={330--337},
  year={2000},
  publisher={Elsevier}
 }
 
\end{document}